
@article{viana_abordagens_2013,
	title = {Abordagens metodológicas em políticas públicas},
	volume = {30},
	url = {http://bibliotecadigital.fgv.br/ojs/index.php/rap/article/view/8095/6917},
	abstract = {O artigo resenha estudos cl\&aacute;ssicos e recentes sobre pol\&iacute;ticas p\&uacute;blicas, priorizando o entendimento de quatro fases ou etapas da pol\&iacute;tica: constru\&ccedil;\&atilde;o da agenda; formula\&ccedil;\&atilde;o de pol\&iacute;ticas; implementa\&ccedil;\&atilde;o de pol\&iacute;ticas; e avalia\&ccedil;\&atilde;o de pol\&iacute;ticas.},
	number = {2},
	journal = {Revista de Administração Pública},
	author = {Viana, Ana},
	year = {2013},
	keywords = {avaliação de políticas., construção da agenda, formulação de políticas, implementação de políticas, políticas públicas}
},

@article{jannuzzi_estimacao_2013,
	title = {Estimação de demandas sociais futuras para fins de formulação de políticas públicas municipais: notas para discussão},
	volume = {33},
	url = {http://bibliotecadigital.fgv.br/ojs/index.php/rap/article/view/7652/6197},
	abstract = {Um conjunto de fatores de diferentes naturezas tem contribu\&iacute;do para a dissemina\&ccedil;\&atilde;o e consolida\&ccedil;\&atilde;o da pr\&aacute;tica do planejamento no setor p\&uacute;blico em \&acirc;mbito local nesta d\&eacute;cada no Brasil. A compet\&ecirc;ncia t\&eacute;cnica no processo de formula\&ccedil;\&atilde;o de pol\&iacute;ticas p\&uacute;blicas e, em especial, na estima\&ccedil;\&atilde;o quantitativa do p\&uacute;blico-alvo a atender \&eacute;, contudo, ainda muito restrita, mesmo nos munic\&iacute;pios de maior porte e mais recursos. Visando a contribuir para o aprimoramento t\&eacute;cnico do planejamento p\&uacute;blico municipal, este artigo discute a pertin\&ecirc;ncia, viabilidade e aplica\&ccedil;\&atilde;o de estudos quantitativos de demanda de servi\&ccedil;os e equipamentos sociais para subsidiar a elabora\&ccedil;\&atilde;o de planos{\textless}br /{\textgreater}plurianuais de investimentos e planos diretores de\&nbsp; desenvolvimento urbano municipais. O artigo discute os condicionantes demogr\&aacute;ficos da natureza e dos p\&uacute;blicos-alvo das pol\&iacute;ticas sociais e apresenta um marco metodol\&oacute;gico{\textless}br /{\textgreater}para a elabora\&ccedil;\&atilde;o de estimativas sociais. Ilustra, por fim, a viabilidade t\&eacute;cnica e a adequa\&ccedil;\&atilde;o social da quest\&atilde;o atrav\&eacute;s de um estudo elaborado para subsidiar a formula\&ccedil;\&atilde;o de um plano plurianual de investimentos municipal.},
	number = {2},
	journal = {Revista de Administração Pública},
	author = {Jannuzzi, Paulo and Pasquali, Franco},
	year = {2013},
	keywords = {planejamento urbano., políticas públicas, projeções demográficas}
},

@article{lobato_algumas_2013,
	title = {Algumas considerações sobre a representação de interesses no processo de formulação de políticas públicas},
	volume = {31},
	url = {http://bibliotecadigital.fgv.br/ojs/index.php/rap/article/view/7971/6714},
	abstract = {Este artigo discute a especificidade do processo de formula\&ccedil;\&atilde;o de pol\&iacute;ticas p\&uacute;blicas e, em particular, das pol\&iacute;ticas sociais, pela perspectiva da representa\&ccedil;\&atilde;o de interesses, a partir de diferentes abordagens te\&oacute;ricas para a an\&aacute;lise de pol\&iacute;ticas p\&uacute;blicas e dos interesses representados na rela\&ccedil;\&atilde;o Estado/sociedade.},
	number = {1},
	journal = {Revista de Administração Pública},
	author = {Lobato, Lenaura},
	year = {2013},
	keywords = {políticas públicas, políticas sociais, representação de interesses.}
}